<record><leader>00000cas a22000007a 4500</leader><controlfield tag="001">20609856</controlfield><controlfield tag="008">891107d19051911mouwr ne      0    0eng d</controlfield><datafield ind1=" " ind2=" " tag="010"><subfield code="a">sn 89067415 </subfield></datafield><datafield ind1=" " ind2=" " tag="040"><subfield code="a">MQN</subfield><subfield code="b">eng</subfield><subfield code="c">MQN</subfield><subfield code="d">OCLCQ</subfield></datafield><datafield ind1=" " ind2=" " tag="042"><subfield code="a">msc</subfield></datafield><datafield ind1="0" ind2="0" tag="245"><subfield code="a">Golden City register.</subfield></datafield><datafield ind1=" " ind2=" " tag="260"><subfield code="a">Golden City, Barton County, Mo. :</subfield><subfield code="b">John A. Griesel,</subfield><subfield code="c">1905-1911.</subfield></datafield><datafield ind1=" " ind2=" " tag="300"><subfield code="a">v.</subfield></datafield><datafield ind1=" " ind2=" " tag="310"><subfield code="a">Weekly</subfield></datafield><datafield ind1="0" ind2=" " tag="362"><subfield code="a">Vol. 13, no. 43 (May 25, 1905)-v. 20, no. 4 (Sept. 28, 1911).</subfield></datafield><datafield ind1=" " ind2=" " tag="752"><subfield code="a">United States</subfield><subfield code="b">Missouri</subfield><subfield code="c">Barton</subfield><subfield code="d">Golden City.</subfield></datafield><datafield ind1="0" ind2="0" tag="780"><subfield code="t">Golden City free press</subfield><subfield code="w">(DLC)sn 89067416</subfield></datafield><datafield ind1="0" ind2="4" tag="785"><subfield code="t">Golden City herald</subfield><subfield code="w">(DLC)sn 89067414</subfield></datafield></record>